@Article{Einstein,
  author =       "Albert Einstein",
  title =        "{Zur Elektrodynamik bewegter K{\"o}rper}. ({German})
                 [{On} the electrodynamics of moving bodies]",
  journal =      "Annalen der Physik",
  volume =       "322",
  number =       "10",
  pages =        "891--921",
  year =         "1905",
  DOI =          "http://dx.doi.org/10.1002/andp.19053221004"
} 


@article{Rawal:2015dq,
    author = {Rawal, Amit and Sibal, Apurv and Saraswat, Harshvardhan},
    title = {{Tensile behaviour of regular triaxial braided structures}},
    journal = {Mechanics of Materials},
    year = {2015},
    volume = {91},
    pages = {277--289},
    month = dec
}

